<record><leader>00000cas a22000007a 4500</leader><controlfield tag="001">10335680</controlfield><controlfield tag="008">840125d18681900njuwr ne      0    0eng d</controlfield><datafield ind1=" " ind2=" " tag="010"><subfield code="a">sn 84026207 </subfield></datafield><datafield ind1=" " ind2=" " tag="040"><subfield code="a">NPU</subfield><subfield code="b">eng</subfield><subfield code="c">NPU</subfield><subfield code="d">NPX</subfield><subfield code="d">NPA</subfield><subfield code="d">NJW</subfield><subfield code="d">OCLCQ</subfield></datafield><datafield ind1=" " ind2=" " tag="042"><subfield code="a">msc</subfield></datafield><datafield ind1="0" ind2="0" tag="245"><subfield code="a">Central New Jersey times.</subfield></datafield><datafield ind1=" " ind2=" " tag="260"><subfield code="a">Plainfield, N.J. :</subfield><subfield code="b">E. Dean Dow,</subfield><subfield code="c">1868-</subfield></datafield><datafield ind1=" " ind2=" " tag="300"><subfield code="a">v. ;</subfield><subfield code="c">71 cm.</subfield></datafield><datafield ind1=" " ind2=" " tag="310"><subfield code="a">Weekly</subfield></datafield><datafield ind1="0" ind2=" " tag="362"><subfield code="a">Vol. 1, no. 1 (Sept. 24, 1868)-</subfield></datafield><datafield ind1="1" ind2=" " tag="362"><subfield code="a">Ceased in 1900.</subfield></datafield><datafield ind1=" " ind2=" " tag="500"><subfield code="a">Publishers: Niles &amp; Runyon, &lt;1873&gt;; J.C. Runyon &amp; Co., 1875-&lt;1876&gt;.</subfield></datafield><datafield ind1=" " ind2=" " tag="500"><subfield code="a">Editor: William J. Leonard, &lt;1876&gt;.</subfield></datafield><datafield ind1=" " ind2=" " tag="580"><subfield code="a">Daily eds.: Plainfield courier; Plainfield courier-news.</subfield></datafield><datafield ind1=" " ind2=" " tag="752"><subfield code="a">United States</subfield><subfield code="b">New Jersey</subfield><subfield code="c">Union</subfield><subfield code="d">Plainfield.</subfield></datafield><datafield ind1="1" ind2=" " tag="775"><subfield code="t">Plainfield courier</subfield><subfield code="w">(DLC)sn 88071332</subfield></datafield><datafield ind1="1" ind2=" " tag="775"><subfield code="t">Plainfield courier-news</subfield><subfield code="w">(DLC)sn 85035974</subfield><subfield code="w">(OCoLC)13242228</subfield></datafield><datafield ind1="0" ind2="0" tag="780"><subfield code="t">Plainfield union</subfield><subfield code="w">(DLC)sn 85038575</subfield><subfield code="w">(OCoLC)12761345</subfield></datafield><datafield ind1="1" ind2=" " tag="029"><subfield code="a">AU@</subfield><subfield code="b">000025840880</subfield></datafield></record>